@Misc{LieberLieber2024,
  author  = {{LieberLieber Gmbh.}},
  date    = {2024-10-26},
  editor  = {{LieberLieber Gmbh.}},
  title   = {{Lemon tree}},
  url     = {https://www.lieberlieber.com/lemontree/en/product/},
  urldate = {2024-10-26},
}

@Misc{Git2024,
  author  = {Git},
  date    = {2024-10-26},
  editor  = {Git},
  title   = {The advantages of Git},
  url     = {https://git-scm.com/about/branching-and-merging},
  urldate = {2024-10-26},
}

@Misc{Arinane5_1996,
  author  = {{Inquiry Board}},
  date    = {1996-07-19},
  editor  = {{Prof. J. L. LIONS}},
  title   = {{ARIANE 5 Flight 501 Failure}},
  url     = {http://sunnyday.mit.edu/nasa-class/Ariane5-report.html},
  urldate = {2024-10-26},
}

@Misc{MCO2009,
  author  = {{NASA Safety Center: System faliure case studies}},
  date    = {2009-08-01},
  editor  = {{Steve Lilley}},
  title   = {{Lost in translation}},
  url     = {https://sma.nasa.gov/docs/default-source/safety-messages/safetymessage-2009-08-01-themarsclimateorbitermishap.pdf?sfvrsn=eaa1ef8_4},
  urldate = {2024-10-26},
}

@Misc{Fish2023,
  author  = {Garron Fish},
  date    = {2023-04-23},
  editor  = {Garron Fish},
  title   = {Using physical connectors with an FMU},
  url     = {https://www.claytex.com/tech-blog/using-physical-connectors-with-an-fmu/},
  urldate = {2024-10-26},
}

@Article{Hirano_2015,
  author     = {Hirano, Yutaka and Shimada, Satoshi and Teraoka, Yoichi and Seya, Osamu and Ohsumi, Yuji and Murakami, Shintaroh and Hirono, Tomohide and Sekisue, Takayuki},
  date       = {2015-09},
  title      = {Initiatives for acausal model connection using FMI in JSAE (Society of Automotive Engineers of Japan)},
  doi        = {10.3384/ecp15118795},
  issn       = {1650-3686},
  pages      = {795--801},
  series     = {Modelica},
  volume     = {118},
  booktitle  = {Proceedings of the 11th International Modelica Conference, Versailles, France, September 21-23, 2015},
  collection = {Modelica},
  publisher  = {Linköping University Electronic Press},
}

@Book{Weilkiens2020,
  author    = {Weilkiens, Tim},
  date      = {2020},
  title     = {SYSMOD - the systems modeling toolbox},
  edition   = {3rd edition, version 4.2},
  isbn      = {9783981852981},
  location  = {[Fredesdorf]},
  pagetotal = {361},
  publisher = {MBSE4U},
  series    = {MBSE4U booklet series},
  subtitle  = {Pragmatic MBSE with SysML},
  ppn_gvk   = {1726408175},
}

@Misc{Capella2024,
  author  = {Capella},
  date    = {2024-10-28},
  title   = {Arcadia method at a glance!},
  url     = {https://mbse-capella.org/arcadia.html},
  urldate = {2024-10-28},
}

@Misc{autoEEsystemEngineer2024,
  author  = {autoEEsystemEngineer},
  date    = {2024-06-27},
  editor  = {{Auto EE Sys Engineer`s Blog}},
  title   = {{OOSEM (Object-Oriented Systems Engineering Methodology)}},
  url     = {https://www.autosyseng.com/oosem/},
  urldate = {2024-10-28},
}

@Misc{IntelCorporation2014,
  author  = {{Intel Corporation}},
  date    = {2014-12-31},
  title   = {Intel® CoFluent™Methodology for SysML},
  url     = {https://www.intel.com/content/dam/www/public/us/en/documents/white-papers/cofluent-methodology-for-sysml-white-paper.pdf},
  urldate = {2024-10-28},
}

@Article{Madni_2018,
  author       = {Madni, Azad M. and Sievers, Michael},
  date         = {2018-05},
  journaltitle = {Systems Engineering},
  title        = {Model‐based systems engineering: Motivation, current status, and research opportunities},
  doi          = {10.1002/sys.21438},
  issn         = {1520-6858},
  number       = {3},
  pages        = {172--190},
  volume       = {21},
  publisher    = {Wiley},
}

@Article{Bajaj_2022,
  author       = {Bajaj, Manas and Friedenthal, Sanford and Seidewitz, Ed},
  date         = {2022-03},
  journaltitle = {INSIGHT},
  title        = {Systems Modeling Language (SysML v2) Support for Digital Engineering},
  doi          = {10.1002/inst.12367},
  issn         = {2156-4868},
  number       = {1},
  pages        = {19--24},
  volume       = {25},
  publisher    = {Wiley},
}

@Book{Gianni2017,
  author    = {Gianni, Daniele and D'Ambrogio, Andrea and Tolk, Andreas},
  date      = {2017},
  title     = {Modeling and Simulation-Based Systems Engineering Handbook},
  isbn      = {9781138748941},
  pages     = {513},
  publisher = {Taylor \& Francis Group},
}

@Misc{Mathworks,
  author  = {Mathworks},
  title   = {Dynamical System Modeling Using Neural ODE},
  url     = {https://www.mathworks.com/help/deeplearning/ug/dynamical-system-modeling-using-neural-ode.html},
  urldate = {2024-11-01},
}

@Article{Ma_2022,
  author       = {Ma, Junda and Wang, Guoxin and Lu, Jinzhi and Vangheluwe, Hans and Kiritsis, Dimitris and Yan, Yan},
  date         = {2022-03},
  journaltitle = {Applied Sciences},
  title        = {{Systematic Literature Review of MBSE Tool-Chains}},
  doi          = {10.3390/app12073431},
  issn         = {2076-3417},
  number       = {7},
  pages        = {3431},
  volume       = {12},
  publisher    = {MDPI AG},
}

@Misc{Modelica2023,
  author  = {{Modelica Association}},
  date    = {2023-03-09},
  title   = {{Modelica® – A Unified Object-Oriented Languagefor Systems Modeling}},
  url     = {https://specification.modelica.org/maint/3.6/MLS.pdf},
  urldate = {2024-11-01},
}

@Misc{FMI2023,
  author  = {{Modelica Association}},
  date    = {2023-07-10},
  title   = {{Functional Mock-up Interface Specification}},
  url     = {https://fmi-standard.org/docs/3.0.1/},
  urldate = {2024-11-01},
}

@Misc{SSP2022,
  author  = {{Modelica Association}},
  date    = {2022-07-25},
  title   = {{System Structure and Parameterization}},
  url     = {https://ssp-standard.org/publications/SSP101/SystemStructureAndParameterization101.pdf},
  urldate = {2024-11-01},
}

@Misc{SysPhS2021,
  author  = {{Object Management Group Inc.}},
  date    = {2021-06-01},
  title   = {{SysML Extension for Physical Interaction and SignalFlow Simulation}},
  url     = {https://www.omg.org/spec/SysPhS/1.1/PDF},
  urldate = {2024-11-01},
}

@Misc{MST2023,
  author  = {{Mathworks Support Team}},
  date    = {2023-08-28},
  title   = {{What are MIL, SIL, PIL, and HIL, and how do they integrate with the Model-Based Design approach?}},
  howpublished     = "URL \url{https://www-ah.mathworks.com/matlabcentral/answers/440277-what-are-mil-sil-pil-and-hil-and-how-do-they-integrate-with-the-model-based-design-approach}",
  urldate = {2024-11-01},
}

@Misc{SystemComposer,
  author  = {Mathworks},
  title   = {{System Composer - Design, analyze, and simulate system and software architectures}},
  url     = {https://www.mathworks.com/products/system-composer.html},
  urldate = {2024-11-02},
}

@Article{Simpson_2006,
  author    = {Simpson, Timothy W. and Siddique, Zahed and Jiao, Jianxin Roger},
  date      = {2006},
  title     = {Platform-Based Product Family Development},
  doi       = {10.1007/0-387-29197-0_1},
  pages     = {1--15},
  booktitle = {Product Platform and Product Family Design},
  isbn      = {9780387291970},
  publisher = {Springer US},
}

@Misc{SpeedgoatGmbH,
  author  = {{Speedgoat GmbH}},
  title   = {{Rapid Controll Prototyping}},
  url     = {https://www.speedgoat.com/solutions/testing-workflows/rapid-control-prototyping},
  urldate = {2024-11-02},
}

@Comment{jabref-meta: databaseType:biblatex;}
